%Capitalization is very important in references. Be sure to do a double {{ and }} to keep the capitalization of your text in tact.
%Also pay attention to the sorting on last name in the case of complex Dutch names. F.i.: "Aalst, W.M.P. van der and ..." makes it sort under A
@MASTERSTHESIS{MScBuijs2010,
  author = {Buijs, J.C.A.M.},
  title = {{Mapping Data Sources to XES in a Generic Way}},
  school = {{Eindhoven University of Technology}},
  year = {2010},
  file = {Master thesis Joos 2010:C\:\\Users\\jbuijs.TUE\\Documents\\PhD\\Resources\\thesis_JBuijs_final.pdf:PDF},
  keywords = {XES, event log, data, joos, master thesis},
  url = {http://www.processmining.org/_media/xesame/xesma_thesis_final.pdf}
}

@MASTERSTHESIS{MScNugteren2010,
  author = {Nugteren, G.M.},
  title = {{Process Model Simplification}},
  school = {{Eindhoven University of Technology}},
  year = {2010},
  url = {http://alexandria.tue.nl/extra1/afstversl/wsk-i/nugteren2010.pdf}
}

@inproceedings{ciregan2012multi,
	title={Multi-column deep neural networks for image classification},
	author={Ciregan, Dan and Meier, Ueli and Schmidhuber, J{\"u}rgen},
	booktitle={Computer Vision and Pattern Recognition (CVPR), 2012 IEEE Conference on},
	pages={3642--3649},
	year={2012},
	organization={IEEE}
}

@article{lecun1998gradient,
	title={Gradient-based learning applied to document recognition},
	author={LeCun, Yann and Bottou, L{\'e}on and Bengio, Yoshua and Haffner, Patrick},
	journal={Proceedings of the IEEE},
	volume={86},
	number={11},
	pages={2278--2324},
	year={1998},
	publisher={IEEE}
}

@article{simonyan2014very,
	title={Very deep convolutional networks for large-scale image recognition},
	author={Simonyan, Karen and Zisserman, Andrew},
	journal={arXiv preprint arXiv:1409.1556},
	year={2014}
}

@inproceedings{krizhevsky2012imagenet,
	title={Imagenet classification with deep convolutional neural networks},
	author={Krizhevsky, Alex and Sutskever, Ilya and Hinton, Geoffrey E},
	booktitle={Advances in neural information processing systems},
	pages={1097--1105},
	year={2012}
}
@inproceedings{zeiler2014visualizing,
	title={Visualizing and understanding convolutional networks},
	author={Zeiler, Matthew D and Fergus, Rob},
	booktitle={European conference on computer vision},
	pages={818--833},
	year={2014},
	organization={Springer}
}

@inproceedings{he2016deep,
	title={Deep residual learning for image recognition},
	author={He, Kaiming and Zhang, Xiangyu and Ren, Shaoqing and Sun, Jian},
	booktitle={Proceedings of the IEEE conference on computer vision and pattern recognition},
	pages={770--778},
	year={2016}
}

@online{xiao2017/online,
	author       = {Han Xiao and Kashif Rasul and Roland Vollgraf},
	title        = {Fashion-MNIST: a Novel Image Dataset for Benchmarking Machine Learning Algorithms},
	date         = {2017-08-28},
	year         = {2017},
	eprintclass  = {cs.LG},
	eprinttype   = {arXiv},
	eprint       = {cs.LG/1708.07747},
}

@article{krizhevsky2009learning,
	title={Learning multiple layers of features from tiny images},
	author={Krizhevsky, Alex and Hinton, Geoffrey},
	year={2009},
	publisher={Technical report, University of Toronto}
}

@inproceedings{coates2011analysis,
	title={An analysis of single-layer networks in unsupervised feature learning},
	author={Coates, Adam and Ng, Andrew and Lee, Honglak},
	booktitle={Proceedings of the fourteenth international conference on artificial intelligence and statistics},
	pages={215--223},
	year={2011}
}

@inproceedings{netzer2011reading,
	title={Reading digits in natural images with unsupervised feature learning},
	author={Netzer, Yuval and Wang, Tao and Coates, Adam and Bissacco, Alessandro and Wu, Bo and Ng, Andrew Y},
	booktitle={NIPS workshop on deep learning and unsupervised feature learning},
	volume={2011},
	number={2},
	pages={5},
	year={2011}
}